@inproceedings{hellas2018predicting,
  title={Predicting academic performance: a systematic literature review},
  author={Hellas, Arto and Ihantola, Petri and Petersen, Andrew and Ajanovski, Vangel V and Gutica, Mirela and Hynninen, Timo and Knutas, Antti and Leinonen, Juho and Messom, Chris and Liao, Soohyun Nam},
  booktitle={Proceedings Companion of the 23rd Annual ACM Conference on Innovation and Technology in Computer Science Education},
  pages={175--199},
  year={2018},
  organization={ACM}
}

@article{lagus2018transfer,
  title={Transfer-Learning Methods in Programming Course Outcome Prediction},
  author={Lagus, Jarkko and Longi, Krista and Klami, Arto and Hellas, Arto},
  journal={ACM Transactions on Computing Education (TOCE)},
  volume={18},
  number={4},
  pages={19},
  year={2018},
  publisher={ACM}
}

@article{pan2010survey,
  title={A survey on transfer learning},
  author={Pan, Sinno Jialin and Yang, Qiang},
  journal={IEEE Transactions on knowledge and data engineering},
  volume={22},
  number={10},
  pages={1345--1359},
  year={2010},
  publisher={IEEE}
}

@inproceedings{carter2015normalized,
  title={The normalized programming state model: Predicting student performance in computing courses based on programming behavior},
  author={Carter, Adam S and Hundhausen, Christopher D and Adesope, Olusola},
  booktitle={Proceedings of the eleventh annual International Conference on International Computing Education Research},
  pages={141--150},
  year={2015},
  organization={ACM}
}

@inproceedings{jadud2006methods,
  title={Methods and tools for exploring novice compilation behaviour},
  author={Jadud, Matthew C},
  booktitle={Proceedings of the second international workshop on Computing education research},
  pages={73--84},
  year={2006},
  organization={ACM}
}

@inproceedings{watson2014no,
  title={No tests required: comparing traditional and dynamic predictors of programming success.},
  author={Watson, Christopher and Li, Frederick WB and Godwin, Jamie L},
  booktitle={SIGCSE},
  volume={14},
  pages={469--474},
  year={2014}
}

@incollection{baker2014educational,
  title={Educational data mining and learning analytics},
  author={Baker, Ryan Shaun and Inventado, Paul Salvador},
  booktitle={Learning analytics},
  pages={61--75},
  year={2014},
  publisher={Springer}
}

@inproceedings{watson2013predicting,
  title={Predicting performance in an introductory programming course by logging and analyzing student programming behavior},
  author={Watson, Christopher and Li, Frederick WB and Godwin, Jamie L},
  booktitle={2013 IEEE 13th International Conference on Advanced Learning Technologies},
  pages={319--323},
  year={2013},
  organization={IEEE}
}

@article{bergin2015using,
  title={Using machine learning techniques to predict introductory programming performance},
  author={Bergin, Susan and Mooney, Aidan and Ghent, John and Quille, Keith},
  journal={International Journal of Computer Science and Software Engineering (IJCSSE)},
  volume={4},
  number={12},
  pages={323--328},
  year={2015},
  publisher={International Journal of Computer Science and Software Engineering}
}
@inproceedings{watson2014failure,
  title={Failure rates in introductory programming revisited},
  author={Watson, Christopher and Li, Frederick WB},
  booktitle={Proceedings of the 2014 conference on Innovation \& technology in computer science education},
  pages={39--44},
  year={2014},
  organization={ACM}
}

@inproceedings{Castro-Wunsch:2017:ENN:3017680.3017792,
 author = {Castro-Wunsch, Karo and Ahadi, Alireza and Petersen, Andrew},
 title = {Evaluating Neural Networks As a Method for Identifying Students in Need of Assistance},
 booktitle = {Proceedings of the 2017 ACM SIGCSE Technical Symposium on Computer Science Education},
 series = {SIGCSE '17},
 year = {2017},
 isbn = {978-1-4503-4698-6},
 location = {Seattle, Washington, USA},
 pages = {111--116},
 numpages = {6},
 url = {http://doi.acm.org/10.1145/3017680.3017792},
 doi = {10.1145/3017680.3017792},
 acmid = {3017792},
 publisher = {ACM},
 address = {New York, NY, USA},
 keywords = {CS1, at-risk students, educational data mining, introductory programming, learning analytics, replication, reproduction, source code snapshot analysis},
} 

[download] 